<record><leader>00000cas a22000007a 4500</leader><controlfield tag="001">12118276</controlfield><controlfield tag="008">850605d18391854ohuwr ne      0    0eng d</controlfield><datafield ind1=" " ind2=" " tag="010"><subfield code="a">sn 85026256 </subfield></datafield><datafield ind1=" " ind2=" " tag="040"><subfield code="a">NPX</subfield><subfield code="b">eng</subfield><subfield code="c">NPX</subfield><subfield code="d">DLC</subfield><subfield code="d">OCLCQ</subfield></datafield><datafield ind1=" " ind2=" " tag="042"><subfield code="a">msc</subfield></datafield><datafield ind1="0" ind2="0" tag="050"><subfield code="a">Newspaper 9214-X</subfield></datafield><datafield ind1="0" ind2="4" tag="245"><subfield code="a">The Ohio Argus and Sidney Aurora.</subfield></datafield><datafield ind1="1" ind2="3" tag="246"><subfield code="a">Ohio Argus, Sidney Aurora</subfield></datafield><datafield ind1=" " ind2=" " tag="260"><subfield code="a">Sidney, Ohio :</subfield><subfield code="b">Henry D. Stout</subfield></datafield><datafield ind1=" " ind2=" " tag="300"><subfield code="a">v. ;</subfield><subfield code="c">54 cm.</subfield></datafield><datafield ind1=" " ind2=" " tag="310"><subfield code="a">Weekly</subfield></datafield><datafield ind1="1" ind2=" " tag="362"><subfield code="a">Began with Aug. 5, 1839 issue; ceased in 1854 .</subfield><subfield code="z">Cf. Gregory, W. Amer. newspapers.</subfield></datafield><datafield ind1=" " ind2=" " tag="500"><subfield code="a">The word "and" appears within the title ornament, 1839-&lt;1840&gt;.</subfield></datafield><datafield ind1=" " ind2=" " tag="500"><subfield code="a">Publishers: Henry D. Stout, 1839; William Armstrong, &lt;1840&gt;.</subfield></datafield><datafield ind1=" " ind2=" " tag="588"><subfield code="a">Description based on: Vol. 1, no. 19 (Dec. 9, 1839).</subfield></datafield><datafield ind1=" " ind2=" " tag="752"><subfield code="a">United States</subfield><subfield code="b">Ohio</subfield><subfield code="c">Shelby</subfield><subfield code="d">Sidney.</subfield></datafield><datafield ind1="0" ind2="0" tag="780"><subfield code="t">Sidney journal (Sidney, Ohio : 1832)</subfield></datafield><datafield ind1="1" ind2=" " tag="029"><subfield code="a">AU@</subfield><subfield code="b">000025827635</subfield></datafield></record>